@book{grolemund2016r,
  title={R for Data Science},
  author={Grolemund, G. and Wickham, H.},
  isbn={9781491910399},
  url={http://r4ds.had.co.nz/},
  year={2016},
  publisher={O'Reilly Media, Incorporated}
}

@book{wickham2015r,
  title={R packages},
  author={Wickham, Hadley},
  year={2015},
  publisher={"O'Reilly Media, Inc."}
}
